
   <record>
      <leader>00000nz  a2200000nc 4500</leader>
      <controlfield tag="001">institutions/30002170</controlfield>
      <controlfield tag="003">DE-633</controlfield>
      <controlfield tag="005">20250620052010.0</controlfield>
      <controlfield tag="008">161109||||z|||a|||||||||||||||||n||||||d</controlfield>
      <datafield tag="024" ind1="7" ind2=" ">
         <subfield code="a">FIN-Hko</subfield>
         <subfield code="q">siglum</subfield>
         <subfield code="2">rism</subfield>
      </datafield>
      <datafield tag="034" ind1="2" ind2=" ">
         <subfield code="d">24.9338632</subfield>
         <subfield code="f">60.1736621</subfield>
      </datafield>
      <datafield tag="040" ind1=" " ind2=" ">
         <subfield code="a">DE-633</subfield>
         <subfield code="c">DE-633</subfield>
         <subfield code="e">rismg</subfield>
      </datafield>
      <datafield tag="043" ind1=" " ind2=" ">
         <subfield code="c">XA-FI</subfield>
      </datafield>
      <datafield tag="110" ind1="2" ind2=" ">
         <subfield code="a">Helsingin Kaupunginorkesteri, Nuotisto</subfield>
         <subfield code="c">Helsinki</subfield>
         <subfield code="g">FIN-Hko</subfield>
      </datafield>
      <datafield tag="368" ind1=" " ind2=" ">
         <subfield code="a">Library</subfield>
      </datafield>
      <datafield tag="368" ind1=" " ind2=" ">
         <subfield code="a">Institution</subfield>
      </datafield>
      <datafield tag="371" ind1=" " ind2=" ">
         <subfield code="a">Helsingin Kaupunginorkesteri, Nuotisto, Finlandia-talo, Mannerheimintie 13, 00099 Helsingin kaupunki, Finland</subfield>
         <subfield code="u">http://www.hel.fi/hki/HKO/fi/Etusivu</subfield>
      </datafield>
      <datafield tag="410" ind1="2" ind2=" ">
         <subfield code="a">Helsinki Philharmonic Orchestra, Music Library</subfield>
      </datafield>
      <datafield tag="551" ind1=" " ind2=" ">
         <subfield code="a">Helsinki</subfield>
         <subfield code="0">places/3901038</subfield>
      </datafield>
   </record>