
   <record>
      <leader>00000nz  a2200000nc 4500</leader>
      <controlfield tag="001">institutions/51003998</controlfield>
      <controlfield tag="003">DE-633</controlfield>
      <controlfield tag="005">20250620052253.0</controlfield>
      <controlfield tag="008">200525||||z|||a|||||||||||||||||n||||||d</controlfield>
      <datafield tag="024" ind1="7" ind2=" ">
         <subfield code="a">Q11873580</subfield>
         <subfield code="2">WKP</subfield>
      </datafield>
      <datafield tag="024" ind1="7" ind2=" ">
         <subfield code="a">FIN-KUkk</subfield>
         <subfield code="q">siglum</subfield>
         <subfield code="2">rism</subfield>
      </datafield>
      <datafield tag="034" ind1="1" ind2=" ">
         <subfield code="d">27.686509</subfield>
         <subfield code="f">62.892782</subfield>
      </datafield>
      <datafield tag="040" ind1=" " ind2=" ">
         <subfield code="a">DE-633</subfield>
         <subfield code="c">DE-633</subfield>
         <subfield code="e">rismg</subfield>
      </datafield>
      <datafield tag="043" ind1=" " ind2=" ">
         <subfield code="c">XA-FI</subfield>
      </datafield>
      <datafield tag="110" ind1="1" ind2=" ">
         <subfield code="a">Kuopion kaupunginkirjaston</subfield>
         <subfield code="c">Kuopio</subfield>
         <subfield code="g">FIN-KUkk</subfield>
      </datafield>
      <datafield tag="368" ind1=" " ind2=" ">
         <subfield code="a">Institution</subfield>
         <subfield code="a">Library</subfield>
      </datafield>
      <datafield tag="371" ind1=" " ind2=" ">
         <subfield code="a">Maaherrankatu 12</subfield>
         <subfield code="b">Kuopio</subfield>
         <subfield code="c">Pohjois-Savon maakunta</subfield>
         <subfield code="d">Finland</subfield>
         <subfield code="e">70100</subfield>
         <subfield code="m">lainaustoimisto.kirjasto@kuopio.fi</subfield>
         <subfield code="u">https://kuopio.finna.fi/</subfield>
      </datafield>
      <datafield tag="410" ind1=" " ind2=" ">
         <subfield code="a">City library</subfield>
      </datafield>
      <datafield tag="551" ind1="1" ind2=" ">
         <subfield code="a">Kuopio</subfield>
         <subfield code="0">places/50004336</subfield>
      </datafield>
   </record>